@comment{
  An article from a journal or a magazine

  required fields: author, title, journal, year
  optional fields: volume, number, pages, month, note
  author    =   "",
  title     =   "",
  journal   =   "",
  year      =   "",
  volume    =   "",
  number    =   "",
  pages     =   "",
  month     =   "",
  note      =   ""
}
@article{gassend_clarke_dijk_devadas_2002,
  title={Silicon physical random functions},
  DOI={10.1145/586110.586132},
  journal={Proceedings of the 9th ACM conference on Computer and communications security - CCS 02},
  author={Gassend, Blaise and Clarke, Dwaine and Dijk, Marten Van and Devadas, Srinivas},
  year={2002}}
@article{guajardo_kumar_schrijen_tuyls,
  title={FPGA Intrinsic PUFs and Their Use for IP Protection},
  DOI={10.1007/978-3-540-74735-2_5},
  journal={Cryptographic Hardware and Embedded Systems - CHES 2007 Lecture Notes in Computer Science},
  author={Guajardo, Jorge and Kumar, Sandeep S. and Schrijen, Geert-Jan and Tuyls, Pim}, pages={63–80}}
@article{liu_zhou_tang_parhi_kim_2017,
  title={A data remanence based approach to generate 100% stable keys from an SRAM physical unclonable function},
  DOI={10.1109/islped.2017.8009192},
  journal={2017 IEEE/ACM International Symposium on Low Power Electronics and Design (ISLPED)},
  author={Liu, Muqing and Zhou, Chen and Tang, Qianying and Parhi, Keshab K. and Kim, Chris H.},
  year={2017}}
@article {Pappu2026,
  author = {Pappu, Ravikanth and Recht, Ben and Taylor, Jason and Gershenfeld, Neil},
  title = {Physical One-Way Functions},
  volume = {297},
  number = {5589},
  pages = {2026--2030},
  year = {2002},
  doi = {10.1126/science.1074376},
  publisher = {American Association for the Advancement of Science},
  abstract = {Modern cryptographic practice rests on the use of one-way functions, which are easy to evaluate but difficult to invert. Unfortunately, commonly used one-way functions are either based on unproven conjectures or have known vulnerabilities. We show that instead of relying on number theory, the mesoscopic physics of coherent transport through a disordered medium can be used to allocate and authenticate unique identifiers by physically reducing the medium{\textquoteright}s microstructure to a fixed-length string of binary digits. These physical one-way functions are inexpensive to fabricate, prohibitively difficult to duplicate, admit no compact mathematical representation, and are intrinsically tamper-resistant. We provide an authentication protocol based on the enormous address space that is a principal characteristic of physical one-way functions.},
  issn = {0036-8075},
  URL = {http://science.sciencemag.org/content/297/5589/2026},
  eprint = {http://science.sciencemag.org/content/297/5589/2026.full.pdf},
  journal = {Science}
}
@article{pouwelse,
  title={Laws for Creating Trust in the Blockchain Age},
  volume={6},
  DOI={10.1515/eplj-2017-0022},
  number={3},
  journal={European Property Law Journal},
  author={Pouwelse, Johan and Kok, André De and Fleuren, Joost and Hoogendoorn, Peter and Vliegendhart, Raynor and Vos, Martijn De},
  year={2017},
  month={Dec}}
@article{rao_mahmoodi_2011,
  title={Analysis of reliability of flip-flops under transistor aging effects in nano-scale CMOS technology},
  DOI={10.1109/iccd.2011.6081439},
  journal={2011 IEEE 29th International Conference on Computer Design (ICCD)},
  author={Rao, Vikram G and Mahmoodi, Hamid},
  year={2011}}
@ARTICLE{retrospective,
  author={C. H. Chang and Y. Zheng and L. Zhang},
  journal={IEEE Circuits and Systems Magazine},
  title={A Retrospective and a Look Forward: Fifteen Years of Physical Unclonable Function Advancement},
  year={2017},
  volume={17},
  number={3},
  pages={32-62},
  keywords={Internet of Things;computer network security;Internet of Things;IoT devices;PUF;area-power cost constraints;disorder-based physical phenomena;hardware security;physical unclonable function;security alerts;security threats;security-critical information;smart devices;Computer security;Cryptography;Hardware;Internet of Things;Privacy;Smart devices},
  doi={10.1109/MCAS.2017.2713305},
  ISSN={1531-636X},
  month={thirdquarter},}
@article{skorobogatov_2011,
  title={Physical Attacks and Tamper Resistance},
  DOI={10.1007/978-1-4419-8080-9_7},
  journal={Introduction to Hardware Security and Trust},
  author={Skorobogatov, Sergei},
  year={2011},
  month={Aug},
  pages={143–173}}
@article{wang_tehranipoor_2010,
  title={Novel Physical Unclonable Function with process and environmental variations},
  DOI={10.1109/date.2010.5456967},
  journal={2010 Design, Automation \& Test in Europe Conference \& Exhibition (DATE 2010)},
  author={Wang, Xiaoxiao and Tehranipoor, Mohammad},
  year={2010}}
@article{xiao_rahman_forte_huang_su_tehranipoor_2014,
  title={Bit selection algorithm suitable for high-volume production of SRAM-PUF},
  DOI={10.1109/hst.2014.6855578},
  journal={2014 IEEE International Symposium on Hardware-Oriented Security and Trust (HOST)},
  author={Xiao, Kan and Rahman, Md. Tauhidur and Forte, Domenic and Huang, Yu and Su, Mei and Tehranipoor, Mohammad},
  year={2014}}
@article{impact_mosfet,
   author = {{Kaczer}, B. and {Degraeve}, R. and {Rasras}, M. and {van de Mieroop}, K. and
  {Roussel}, P.~J. and {Groeseneken}, G.},
    title = "{Impact of MOSFET gate oxide breakdown on digital circuit operation and reliability}",
  journal = {IEEE Transactions on Electron Devices},
     year = 2002,
    month = mar,
   volume = 49,
    pages = {500-506},
      doi = {10.1109/16.987122},
   adsurl = {http://adsabs.harvard.edu/abs/2002ITED...49..500K},
  adsnote = {Provided by the SAO/NASA Astrophysics Data System}
}
@article{impact_hot_carriers,
  author={P. Magnone and F. Crupi and N. Wils and R. Jain and H. Tuinhout and P. Andricciola and G. Giusi and C. Fiegna},
  journal={IEEE Transactions on Electron Devices},
  title={Impact of Hot Carriers on nMOSFET Variability in 45- and 65-nm CMOS Technologies},
  year={2011},
  volume={58},
  number={8},
  pages={2347-2353},
  keywords={CMOS integrated circuits;MOSFET;Poisson distribution;hot carriers;CMOS technologies;Poisson distribution;device electrical parameters;gate dielectric;hot carriers;induced charge traps;metal-oxide-semiconductor field-effect transistor;nMOSFET variability;size 45 nm;size 65 nm;stress bias voltage;stress time;substrate-dielectric interface;subthreshold slope variability;threshold voltage variability;threshold-voltage mismatch;CMOS integrated circuits;CMOS technology;Logic gates;MOSFET circuits;Semiconductor device modeling;Stress;Transistors;Hot carrier (HC);metal–oxide–semiconductor field-effect transistor (MOSFET);mismatch;subthreshold slope;threshold voltage;variability},
  doi={10.1109/TED.2011.2156414},
  ISSN={0018-9383},
  month={Aug},}
@article{impact_aging,
  author={A. Maiti and P. Schaumont},
  journal={IEEE Transactions on Very Large Scale Integration (VLSI) Systems},
  title={The Impact of Aging on a Physical Unclonable Function},
  year={2014},
  volume={22},
  number={9},
  pages={1854-1864},
  keywords={ageing;field programmable gate arrays;life testing;oscillators;accelerated aging test;configurable ring oscillator;field programmable gate arrays;irreversible temporal variabilities;on-chip physical unclonable functions;size 90 nm;Accelerated aging;Authentication;Field programmable gate arrays;High definition video;Logic gates;Stress;Aging;physical unclonable function (PUF);ring oscillator (RO);security;variability;variability.},
  doi={10.1109/TVLSI.2013.2279875},
  ISSN={1063-8210},
  month={Sept},}
  @article{Galdi2018ExploringNA,
  title={Exploring New Authentication Protocols for Sensitive Data Protection on Smartphones},
  author={Chiara Galdi and Michele Nappi and Jean-Luc Dugelay and Yong Yu},
  journal={IEEE Communications Magazine},
  year={2018},
  volume={56},
  pages={136-142}
}
@ARTICLE{comparing_passwords,
  author={L. O'Gorman},
  journal={Proceedings of the IEEE},
  title={Comparing passwords, tokens, and biometrics for user authentication},
  year={2003},
  volume={91},
  number={12},
  pages={2021-2040},
  keywords={biometrics (access control);identification technology;protocols;security;speaker recognition;access control;biometrics;end-user authentication;human authentication;identity management;identity token;passwords;verification;Authentication;Biometrics;Computer networks;Humans;Identity management systems;Internet;Protection;Protocols;Security;Web sites},
  doi={10.1109/JPROC.2003.819611},
  ISSN={0018-9219},
  month={Dec},}
@article{aes_comparison,
 author = {Naik, Kshirasagar and Wei, David S. L.},
 title = {Software Implementation Strategies for Power-conscious Systems},
 journal = {Mob. Netw. Appl.},
 issue_date = {June 2001},
 volume = {6},
 number = {3},
 month = jun,
 year = {2001},
 issn = {1383-469X},
 pages = {291--305},
 numpages = {15},
 url = {http://dx.doi.org/10.1023/A:1011487018981},
 doi = {10.1023/A:1011487018981},
 acmid = {383768},
 publisher = {Springer-Verlag New York, Inc.},
 address = {Secaucus, NJ, USA},
 keywords = {energy saving, low power system, software design and implementation},
}
@article{delvaux,
 author = {Delvaux, Jeroen and Peeters, Roel and Gu, Dawu and Verbauwhede, Ingrid},
 title = {A Survey on Lightweight Entity Authentication with Strong PUFs},
 journal = {ACM Comput. Surv.},
 issue_date = {November 2015},
 volume = {48},
 number = {2},
 month = oct,
 year = {2015},
 issn = {0360-0300},
 pages = {26:1--26:42},
 articleno = {26},
 numpages = {42},
 url = {http://doi.acm.org/10.1145/2818186},
 doi = {10.1145/2818186},
 acmid = {2818186},
 publisher = {ACM},
 address = {New York, NY, USA},
 keywords = {Physically unclonable function, entity authentication, lightweight},
}
@ARTICLE{4674345,
author={D. E. Holcomb and W. P. Burleson and K. Fu},
journal={IEEE Transactions on Computers},
title={Power-Up SRAM State as an Identifying Fingerprint and Source of True Random Numbers},
year={2009},
volume={58},
number={9},
pages={1198-1210},
keywords={CMOS memory circuits;SRAM chips;data privacy;radiofrequency identification;random number generation;CMOS memory;NIST tests;WISP UHF RFID tag;fingerprint extraction;identifying fingerprint;low-cost privacy;low-cost security;manufacture-time physically random device threshold voltage mismatch;power-up SRAM state;random number generation;random numbers;runtime physically random noise;Fingerprint recognition;Hamming distance;Noise;Object recognition;Random access memory;Random number generation;SRAM chips;Hardware;Memory design;Memory technologies;Memory used as logic;RFID.;SRAM;Support for security;TRNG;Ubiquitous computing;VLSI;chip ID},
doi={10.1109/TC.2008.212},
ISSN={0018-9340},
month={Sept},}
