@comment{
  A book with an explicit publisher

  required fields: author XOR editor, title, publisher, year
  optional fields: volume XOR number, series, address, edition, month, note
  author    = "",
  editor    = "",
  title     = "",
  publisher = "",
  year      = "",
  volume    = "",
  number    = "",
  series    = "",
  address   = "",
  edition   = "",
  month     = "",
  note      = ""
}
@book{goucher_2016,
  place={London},
  title={Information security auditor},
  publisher={BCS},
  author={Goucher, Wendy},
  year={2016}}
@book{maes_2016,
  place={Berlin},
  title={Physically Unclonable Functions Constructions, Properties and Applications},
  publisher={Springer Berlin},
  author={Maes, Roel},
  year={2016}}
@book{sadeghi_naccache_tuyls_2013,
  place={Berlin},
  title={Towards Hardware-Intrinsic Security Foundations and Practice},
  publisher={Springer Berlin},
  author={Sadeghi, Ahmad-Reza and Naccache, David and Tuyls, Pim},
  year={2013}}
@book{tilborg_jajodia_2011,
  place={New York},
  title={Encyclopedia of cryptography and security},
  publisher={Springer},
  author={Tilborg, Henk C. A. van and Jajodia, Sushil},
  year={2011}}
@book{tuyls_2010,
  title={"Security with Noisy Data: On Private Biometrics, Secure Key Storage and Anti-Counterfeiting"},
  author={Tuyls, Pim},
  publisher={Springer},
  year={2010}}
@book{modern_cryptography,
 author = {Katz, Jonathan and Lindell, Yehuda},
 title = {Introduction to Modern Cryptography, Second Edition},
 year = {2014},
 isbn = {1466570261, 9781466570269},
 edition = {2nd},
 publisher = {Chapman \& Hall/CRC},
}
@book{cryptography_decrypted,
  place={Boston},
  title={Cryptography decrypted},
  publisher={Addison-Wesley},
  author={Mel, H. X. and Baker, Doris},
  year={2003}
}
@book{Pfleeger,
 author = {Pfleeger, Charles P. and Pfleeger, Shari Lawrence and Margulies, Jonathan},
 title = {Security in Computing (5th Edition)},
 year = {2015},
 isbn = {0134085043, 9780134085043},
 edition = {5th},
 publisher = {Prentice Hall Press},
 address = {Upper Saddle River, NJ, USA},
}
@book{Oxford_dictionary,
  title={Concise Oxford English Dictionary},
  author={Soanes, C. and Stevenson, A.},
  isbn={9780199548415},
  lccn={2008030091},
  series={Concise Oxford English Dictionary},
  url={https://books.google.nl/books?id=NT8jAQAAIAAJ},
  year={2008},
  publisher={Oxford University Press}
}
