@comment{
  Use this type when nothing else fits

  required fields: -
  optional fields: author, title, howpublished, month, year, note

  key can be used as a sorting criterion

  key           = "",
  author        = "",
  title         = "",
  howpublished  = "",
  month         = "",
  year          = "",
  note          = ""
}

@misc{google_scholar,
  title = {Google Scholar},
  howpublished = "\url{https://scholar.google.nl/scholar?as\_vis=1\&q=sram puf\&hl=en\&as\_sdt=1,5}",
  note = "[Online; accessed 06-March-2018]"}
@misc{google_patents,
  title = {Google Patents},
  howpublished = "\url{https://patents.google.com/?q=sram\&q=puf\&oq=sram puf}",
  note = "[Online; accessed 06-March-2018]"}
@misc{broadkey,
  title = {BROADKEY - Intrinsic ID | IOT Security},
  howpublished = "\url{https://www.intrinsic-id.com/products/broadkey/}",
  note = "[Online; accessed 06-March-2018]"}
@misc{eur-lex,
  title = {EUR-Lex - 32016R0679 - EN},
  howpublished = "\url{http://eur-lex.europa.eu/legal-content/EN/TXT/?uri=celex%3A32016R0679}",
  note = "[Online; accessed 06-March-2018]"}
@misc{polarfire,
  title = {PolarFire Evaluation Kit},
  howpublished = "\url{https://www.microsemi.com/products/fpga-soc/design-resources/dev-kits/polarfire/polarfire-eval-kit}",
  note = "[Online; accessed 06-March-2018]"}
@misc{puf_security_now,
  title = {PUF-security now possible through software only, says Intrinsic ID},
  howpublished = "\url{http://www.eenewsembedded.com/news/puf-security-now-possible-through-software-only-says-intrinsic-id}",
  note = "[Online; accessed 06-March-2018]"}
@misc{authentication_definition,
  title = {What is authentication? - Definition from WhatIs.com},
  howpublished = "\url{http://searchsecurity.techtarget.com/definition/authentication}",
  note = "[Online; accessed 06-March-2018]"}
@misc{bch_code,
  title = {The Error Correcting Codes (ECC) Page},
  howpublished = "\url{http://www.eccpage.com}",
  note = "[Online; accessed 09-November-2017]"}
@misc{bitcoin,
  title = {Top 100 Richest Bitcoin Addresses and Bitcoin distribution},
  howpublished = "\url{https://bitinfocharts.com/top-100-richest-bitcoin-addresses.html}",
  note = "[Online; accessed 15-March-2018]"}
@misc{blueprint,
  title = {World Economic Forum - A Blueprint for Digital Identity},
  howpublished = "\url{http://www3.weforum.org/docs/WEF_A_Blueprint_for_Digital_Identity.pdf}",
  note = "[Online; accessed 16-March-2018]"}
@misc{data_protection_scheme,
  title = {Data Privacy vs. Data Protection},
  howpublished = "\url{https://blog.ipswitch.com/data-privacy-vs-data-protection}",
  note = "[Online; accessed 16-March-2018]"}
@misc{digital_identity,
  title = {World Economic Forum - The Known Traveller Digital Identity Concept},
  howpublished = "\url{http://www3.weforum.org/docs/WEF_The_Known_Traveller_Digital_Identity_Concept.pdf}",
  note = "[Online; accessed 16-March-2018]"}
@misc{moxytongue,
  title = {What is "Sovereign Source Authority"? | The Moxy Tongue},
  howpublished = "\url{http://http://www.moxytongue.com/2012/02/what-is-sovereign-source-authority.html}",
  note = "[Online; accessed 19-February-2018]"}
@misc{hmac_calculator,
  title = {HMAC Generator — Online Hash Encryption},
  howpublished = "\url{https://www.liavaag.org/English/SHA-Generator/HMAC/}",
  note = "[Online; accessed 26-March-2018]"}
@misc{aes_calculator,
  title = {Cryptomathic - AES Calculator},
  howpublished = "\url{http://extranet.cryptomathic.com/aescalc/index}",
  note = "[Online; accessed 27-March-2018]"}
@misc{atoms_earth,
  title = {Fermilab | Science | Inquiring Minds | Questions About Physics},
  howpublished = "\url{http://www.fnal.gov/pub/science/inquiring/questions/atoms.html}",
  note = "[Online; accessed 10-April-2018]"}
@misc{hamming_distance,
  title = {Hamming Distance | Practice Problems | HackerEarth},
  howpublished = "\url{https://www.hackerearth.com/problem/algorithm/hamming-distance-1/}",
  note = "[Online; accessed 10-Jan-2018]"}
@misc{bitcoin_key,
  title = {Private key - Bitcoin Wiki},
  howpublished = "\url{https://en.bitcoin.it/wiki/Private_key}",
  note = "[Online; accessed 12-April-2018]"}
@misc{brute_force_aes,
  title = {How long would it take me to brute force a 256-bit keys? - Quora},
  howpublished = "\url{https://www.quora.com/How-long-would-it-take-me-to-brute-force-a-256-bit-keys}",
  note = "[Online; accessed 15-April-2018]"}
@misc{hmac_security,
  title = {Security Evaluation Report on SHA-224, SHA-512/224, SHA-512/256, and the six SHA-3 Functions},
  howpublished = "\url{http://www.cryptrec.go.jp/estimation/techrep_id2403_2.pdf}",
  note = "[Online; accessed 15-April-2018]",
  author = "Chang, Donghoon",
  month="March",
  year="2015"
  }
@misc{social_engineering,
  title = {Hack Like a Pro/ The Ultimate Social Engineering Hack « Null Byte / WonderHowTo},
  howpublished = "\url{https://null-byte.wonderhowto.com/how-to/hack-like-pro-ultimate-social-engineering-hack-0150355/}",
  note = "[Online; accessed 15-April-2018]"}
@misc{repository,
  title = {GitHub - Tribler/software-based-PUF/ The first open source software-based PUF},
  howpublished = "\url{https://github.com/Tribler/software-based-PUF}",
  note = "[Online; accessed 15-April-2018]"}
@misc{23lc1024,
  title = {23LC1024 - Memory - Microcontrollers and Processors},
  howpublished = "\url{http://www.microchip.com/wwwproducts/en/23LC1024}",
  note = "[Online; accessed 15-Dec-2017]"}
@misc{CY62256NLL,
  title = {CY62256NLL-70PXC},
  howpublished = "\url{http://www.cypress.com/part/cy62256nll-70pxc}",
  note = "[Online; accessed 15-Dec-2017]"}
@misc{cryptoeprint:2016:769,
    author = {Nikolaos Athanasios Anagnostopoulos and Stefan Katzenbeisser and Markus Rosenstihl and André Schaller and Sebastian Gabmeyer and Tolga Arul},
    title = {Low-temperature data remanence attacks against intrinsic SRAM PUFs},
    howpublished = {Cryptology ePrint Archive, Report 2016/769},
    year = {2016},
    note = {\url{https://eprint.iacr.org/2016/769}},
}
@misc{rfc2104,
	series =	{Request for Comments},
	number =	2104,
	howpublished =	{RFC 2104},
	publisher =	{RFC Editor},
	doi =		{10.17487/RFC2104},
	url =		{https://rfc-editor.org/rfc/rfc2104.txt},
        author =	{Dr. Hugo Krawczyk and Mihir Bellare and Ran Canetti},
	title =		{{HMAC: Keyed-Hashing for Message Authentication}},
	pagetotal =	11,
	year =		1997,
	month =		feb,
	abstract =	{This document describes HMAC, a mechanism for message authentication using cryptographic hash functions. HMAC can be used with any iterative cryptographic hash function, e.g., MD5, SHA-1, in combination with a secret shared key. The cryptographic strength of HMAC depends on the properties of the underlying hash function. This memo provides information for the Internet community. This memo does not specify an Internet standard of any kind},
}
@misc{arduino,
  title = {Arduino - About Us},
  howpublished = "\url{https://www.arduino.cc/en/Main/AboutUs}",
  note = "[Online; accessed 20-Jan-2018]"}
