@comment{
  A Master's thesis

  required fields: author, title, school, year
  optional fields: type, address, month, note

  author    =   "",
  title     =   "",
  school    =   "",
  year      =   "",
  type      =   "{MSc thesis}",
  address   =   "",
  month     =   "",
  note      =   ""
}

@MastersThesis{dargar_2011,
  author    =   "Dargar, Apurva",
  title     =   "Modeling SRAM start-up behavior for Physical Unclonable Functions",
  school    =   "Delft University of Technology",
  year      =   "2011",
  type      =   "{MSc thesis}",
  address   =   "",
  month     =   "",
  note      =   ""
  }

  @MastersThesis{haji,
    author    =   "Akhundov, Haji",
    title     =   "Design \& development of public-key based authentication architecture for IoT devices using PUF",
    school    =   "Delft University of Technology",
    year      =   "2017",
    type      =   "{MSc thesis}",
    address   =   "",
    month     =   "",
    note      =   ""
    }
